% This file was created with JabRef 2.10b2.
% Encoding: UTF-8


@Misc{nctuurl,
  Title                    = {國立交通大學},

  Author                   = {NCTU},

  Owner                    = {borting},
  Timestamp                = {2017.02.06},
  Url                      = {http://www.nctu.edu.tw}
}

@Book{Yang_2017,
  Title                    = {{The History of Free Planets}},
  Author                   = {Wen-Li Yang and Bamboo Fox},
  Editor                   = {Yoshiki Tanaka},
  Publisher                = {Heinessen Publisher},
  Year                     = {2017},

  Owner                    = {borting},
  Pages                    = {22--66},
  Timestamp                = {2017.01.23}
}

@Article{Yang_2016,
  Title                    = {{Carry the Free Planets Star Fleet in Three Ways}},
  Author                   = {Wen-Li Yang and Bamboo Fox},
  Journal                  = {Journal of Galaxy},
  Year                     = {2016},
  Number                   = {1},
  Pages                    = {22--66},
  Volume                   = {9527}
}

