% This file was created with JabRef 2.10b2.
% Encoding: UTF-8

@inproceedings{bonomi_2012,
  title                    = {Fog Computing and Its Role in the Internet of Things},
  author                   = {Bonomi, Flavio and Milito, Rodolfo and Zhu, Jiang and Addepalli, Sateesh},
  booktitle                = {Proceedings of the First Edition of the MCC Workshop on Mobile Cloud Computing},
  pages                    = {13--16},
  year                     = {2012},
  address                  = {Helsinki, Finland}
}

@inproceedings{yi_2015,
  title                    = {Fog Computing: Platform and Applications},
  author                   = {Yi, Shanhe and Hao, Zijiang and Qin, Zhengrui and Li, Qun},
  booktitle                = {Proceedings of the Hot Topics in Web Systems and Technologies},
  pages                    = {73--78},
  year                     = {2015},
  address                  = {Washington, DC, USA}
}

@article{narula_1980,
  title                    = {Degree-constrained Minimum Spanning Tree.},
  author                   = {Narula, Subhash C and Ho, Cesar A},
  journal                  = {Computers \& OR},
  volume                   = {7},
  number                   = {4},
  pages                    = {239--249},
  year                     = {1980}
}


@article{luan_2015,
  author                   = {Tom H. Luan and Longxiang Gao and Zhi Li and Yang Xiang and Limin Sun},
  title                    = {Fog Computing: Focusing on Mobile Users at the Edge},
  journal                  = {arXiv},
  year                     = {2015},
  note                     = "\url{http://arxiv.org/abs/1502.01815}"
}

@inproceedings{kim_2015,
  title                    = {An Efficient Resource Allocation Approach Based on a Genetic Algorithm for Composite Services in IoT Environments},
  author                   = {Kim, Minhyeop and Ko, In-Young},
  booktitle                = {Proceedings of the IEEE International Conference on Web Services},
  pages                    = {543--550},
  year                     = {2015},
  address                  = {New York, NY, USA}
}


@article{holland_1962,
  title                    = {Outline For a Logical Theory of Adaptive Systems},
  author                   = {Holland, John H},
  journal                  = {Journal of the Association for Computing Machinery},
  volume                   = {9},
  number                   = {3},
  pages                    = {297--314},
  year                     = {1962},
}

@article{kirkpatrick_1983,
  title                    = {Optimization by Simulated Annealing},
  author                   = {Kirkpatrick, Scott and Gelatt, C Daniel and Vecchi, Mario P},
  journal                  = {Science},
  volume                   = {220},
  number                   = {4598},
  pages                    = {671--680},
  year                     = {1983}
}

@inproceedings{kennedy_1995,
  title                    = {Particle Swarm Optimization},
  author                   = {Kennedy, James and Eberhart, Russell},
  booktitle                = {Proceedings of the International Conference on Neural Networks},
  volume                   = {4},
  pages                    = {1942--1948},
  year                     = {1995},
  address                  = {Perth, Australia}
}

@inproceedings{tsai_2015,
  title                    = {Search Economics: A Solution Space and Computing Resource Aware Search Method},
  author                   = {Tsai, Chun-Wei},
  booktitle                = {Proceedings of the IEEE International Conference on Systems, Man, and Cybernetics},
  pages                    = {2555--2560},
  year                     = {2015},
  address                  = {Kowloon, China}
}

@article{hu_2017,
  title                    = {Survey on Fog Computing: Architecture, Key Technologies, Applications and Open Issues},
  author                   = {Hu, Pengfei and Dhelim, Sahraoui and Ning, Huansheng and Qiu, Tie},
  journal                  = {Journal of Network and Computer Applications},
  volume                   = {98},
  pages                    = {27--42},
  year                     = {2017}
}

@article{yang_2015,
  title                    = {Cost Aware Service Placement and Load Dispatching in Mobile Cloud Systems},
  author                   = {Yang, Lei and Cao, Jiannong and Liang, Guanqing and Han, Xu},
  journal                  = {IEEE Transactions on Computers},
  volume                   = {65},
  number                   = {5},
  pages                    = {1440--1452},
  year                     = {2015}
}

@article{mukherjee_2018,
  title                    = {Survey of Fog Computing: Fundamental, Network Applications, and Research Challenges},
  author                   = {Mukherjee, Mithun and Shu, Lei and Wang, Di},
  journal                  = {IEEE Communications Surveys \& Tutorials},
  volume                   = {20},
  number                   = {3},
  pages                    = {1826--1857},
  year                     = {2018}
}

@inproceedings{li_2018,
  title                    = {An Energy-aware Edge Server Placement Algorithm in Mobile Edge Computing},
  author                   = {Li, Yuanzhe and Wang, Shangguang},
  booktitle                = {Proceedings of the IEEE International Conference on Edge Computing},
  pages                    = {66--73},
  year                     = {2018},
  address                  = {San Francisco, CA, USA}
}

@article{yoon_2013,
  title                    = {An Efficient Genetic Algorithm for Maximum Coverage Deployment in Wireless Sensor Networks},
  author                   = {Yoon, Yourim and Kim, Yong-Hyuk},
  journal                  = {IEEE Transactions on Cybernetics},
  volume                   = {43},
  number                   = {5},
  pages                    = {1473--1483},
  year                     = {2013}
}

@article{liu_2017,
  title                    = {A Framework of Fog Computing: Architecture, Challenges, and Optimization},
  author                   = {Liu, Yang and Fieldsend, Jonathan E and Min, Geyong},
  journal                  = {IEEE Access},
  volume                   = {5},
  pages                    = {25445--25454},
  year                     = {2017}
}

@article{skarlat_2017,
  title                    = {Optimized {I}o{T} Service Placement in the Fog},
  author                   = {Skarlat, Olena and Nardelli, Matteo and Schulte, Stefan and Borkowski, Michael and Leitner, Philipp},
  journal                  = {Service Oriented Computing and Applications},
  volume                   = {11},
  number                   = {4},
  pages                    = {427--443},
  year                     = {2017}
}

@article{lin_2018,
  title                    = {Cost-efficient Deployment of Fog Computing Systems at Logistics Centers in Industry 4.0},
  author                   = {Lin, Chun-Cheng and Yang, Jhih-Wun},
  journal                  = {IEEE Transactions on Industrial Informatics},
  volume                   = {14},
  number                   = {10},
  pages                    = {4603--4611},
  year                     = {2018}
}

@article{mishra_2018,
  title                    = {Sustainable Service Allocation Using a Metaheuristic Technique in a Fog Server for Industrial Applications},
  author                   = {Mishra, Sambit Kumar and Puthal, Deepak and Rodrigues, Joel JPC and Sahoo, Bibhudatta and Dutkiewicz, Eryk},
  journal                  = {IEEE Transactions on Industrial Informatics},
  volume                   = {14},
  number                   = {10},
  pages                    = {4497--4506},
  year                     = {2018}
}

@inproceedings{yang_2010,
  title                    = {A New Metaheuristic Bat-inspired Algorithm},
  author                   = {Yang, Xin-She},
  booktitle                = {Proceedings of the International Workshop on Nature Inspired Cooperative Strategies},
  pages                    = {65--74},
  year                     = {2010},
  address                  = {Granada, Spain}
}

@inproceedings{nakamura_2012,
  title                    = {{BBA}: A Binary Bat Algorithm for Feature Selection},
  author                   = {Nakamura, Rodrigo YM and Pereira, Luis AM and Costa, Kelton A and Rodrigues, Douglas and Papa, Jo{\~a}o P and Yang, X-S},
  booktitle                = {Proceedings of the Conference on Graphics, Patterns and Images},
  pages                    = {291--297},
  year                     = {2012},
  address                  = {Ouro Preto, Brazil}
}